<?xml version="1.0" encoding="UTF-8"?><collection xmlns="http://www.loc.gov/MARC21/slim"><record><leader>00337nam--2200121-i-4500</leader><controlfield tag="001">000042423</controlfield><controlfield tag="002">20161230</controlfield><controlfield tag="005">20161230201043</controlfield><controlfield tag="008">060222s1000------------r-----000-0-eng-d</controlfield><datafield ind1=" " ind2=" " tag="100"><subfield code="a">Spear,F.G</subfield></datafield><datafield ind1=" " ind2=" " tag="245"><subfield code="a">Radiation and living cells. an intr.to radiation biology</subfield></datafield><datafield ind1=" " ind2=" " tag="260"><subfield code="a">New York, Wiley, 1953. Xii + 222 P. + Fig. + 14 Pl</subfield></datafield><datafield ind1=" " ind2=" " tag="852"><subfield code="a">12118</subfield></datafield></record></collection>